@inproceedings{piperidis2012meta,
  title={The {META-SHARE} Language Resources Sharing Infrastructure: Principles, Challenges, Solutions.},
  author={Piperidis, Stelios},
  booktitle={Proceedings of the Eighth Conference on International Language Resources and Evaluation},
  pages={36--42},
  year={2012}
}


